@article{Brown2020Language,
  author    = {Brown, Tom and Mann, Benjamin and Ryder, Nick and others},
  title     = {{Language Models are Few-Shot Learners}},
  journal   = {Advances in Neural Information Processing Systems},
  volume    = {33},
  pages     = {1877--1901},
  year      = {2020}
}

@inproceedings{Shen2021Neural,
  author    = {Shen, Tian and others},
  title     = {{Neural Language Models for Modeling Clinical Text}},
  booktitle = {Proceedings of the 2021 Conference on Empirical Methods in Natural Language Processing},
  pages     = {4568--4577},
  year      = {2021}
}

@article{Smith2022RAG,
  author    = {Smith, Adam and others},
  title     = {{RAG Models for Psychiatry: Integrating LLMs with DSM-5 Data}},
  journal   = {Journal of Computational Psychiatry},
  volume    = {12},
  pages     = {123--136},
  year      = {2022}
}


@article{psychology_overview,
  title={Overview of Psychological Disorders},
  author={Smith, John and Doe, Jane},
  journal={Journal of Psychology},
  volume={10},
  number={2},
  pages={200--220},
  year={2023},
  publisher={Springer}
}

@article{big_language_models,
  title={Advancements in Large Language Models},
  author={Brown, Tom and Davis, Alex},
  journal={Journal of AI Research},
  volume={15},
  number={4},
  pages={300--315},
  year={2022},
  publisher={Elsevier}
}

@article{rag_models,
  title={Introduction to RAG Models for Domain-Specific Tasks},
  author={Lee, Michael and Wang, Li},
  journal={Proceedings of the Neural Information Processing Symposium},
  volume={35},
  number={1},
  pages={100--115},
  year={2021},
  publisher={MIT Press}
}

@article{llama3_rag,
  title={Using LLAMA3 in RAG Models for Psychology Applications},
  author={Miller, Rachel and Thompson, Sarah},
  journal={Journal of Computational Psychology},
  volume={25},
  number={3},
  pages={400--420},
  year={2023},
  publisher={Wiley}
}

@article{evaluation_methods,
  title={Evaluation Methods for Large Language Models in Specific Domains},
  author={Garcia, Maria and Patel, Rohit},
  journal={Journal of Artificial Intelligence Evaluation},
  volume={12},
  number={6},
  pages={500--520},
  year={2023},
  publisher={ACM}
}

@article{translation_methods,
  title={Translation Techniques for Multilingual NLP Models},
  author={Kim, Yuna and Hernandez, Carlos},
  journal={Journal of Computational Linguistics},
  volume={19},
  number={2},
  pages={250--270},
  year={2023},
  publisher={Springer}
}

@article{li2023towards,
  title={Towards general text embeddings with multi-stage contrastive learning},
  author={Li, Zehan and Zhang, Xin and Zhang, Yanzhao and Long, Dingkun and Xie, Pengjun and Zhang, Meishan},
  journal={arXiv preprint arXiv:2308.03281},
  year={2023}
}

@article{minilm,
  author       = {Wenhui Wang and
                  Furu Wei and
                  Li Dong and
                  Hangbo Bao and
                  Nan Yang and
                  Ming Zhou},
  title        = {MiniLM: Deep Self-Attention Distillation for Task-Agnostic Compression
                  of Pre-Trained Transformers},
  journal      = {CoRR},
  volume       = {abs/2002.10957},
  year         = {2020},
  url          = {https://arxiv.org/abs/2002.10957},
  eprinttype    = {arXiv},
  eprint       = {2002.10957},
  timestamp    = {Fri, 19 Apr 2024 15:54:57 +0200},
  biburl       = {https://dblp.org/rec/journals/corr/abs-2002-10957.bib},
  bibsource    = {dblp computer science bibliography, https://dblp.org}
}

@article{ColBERTv2,
  author       = {Keshav Santhanam and
                  Omar Khattab and
                  Jon Saad{-}Falcon and
                  Christopher Potts and
                  Matei Zaharia},
  title        = {ColBERTv2: Effective and Efficient Retrieval via Lightweight Late Interaction},
  journal      = {CoRR},
  volume       = {abs/2112.01488},
  year         = {2021},
  url          = {https://arxiv.org/abs/2112.01488},
  eprinttype    = {arXiv},
  eprint       = {2112.01488},
  timestamp    = {Tue, 07 Dec 2021 12:15:54 +0100},
  biburl       = {https://dblp.org/rec/journals/corr/abs-2112-01488.bib},
  bibsource    = {dblp computer science bibliography, https://dblp.org}
}

@article{es2023ragas,
  title={Ragas: Automated evaluation of retrieval augmented generation},
  author={Es, Shahul and James, Jithin and Espinosa-Anke, Luis and Schockaert, Steven},
  journal={arXiv preprint arXiv:2309.15217},
  year={2023}
}